@online{Bendel_2018_Chatbot_Definition,
  author  = {Bendel, Oliver},
  url     = {https://wirtschaftslexikon.gabler.de/definition/chatbot-54248/version-277297},
  date    = {2018-02-19},
  title   = {Chatbot},
  urldate = {2018-11-24},
}

@book{Betz_2016_Digital,
  author = {Betz, Charles},
  date   = {2016-01},
  title  = {Managing Digital: Concepts and Practices},
  publisher = {Digital Management Academy},
  location = {Minneapolis},
  isbn = {978-0-9981346-0-4},
  edition   = {1},
}

@book{Braun_2003_Kundenkommunikation,
  author    = {Braun, Alexander},
  publisher = {Springer-Verlag Berlin Heidelberg},
  date      = {2003},
  doi       = {10.1007/978-3-642-19021-6},
  edition   = {1},
  isbn      = {978-3-642-62411-7},
  series    = {Xpert.press},
  title     = {Chatbots in der Kundenkommunikation},
}

@online{GitHub_2013_Chatops,
  author  = {Newland, Jesse},
  url     = {https://speakerdeck.com/jnewland/chatops-at-github},
  date    = {2013-02-07},
  title   = {ChatOps at GitHub},
  urldate = {2019-05-04},
}

@online{Weiss_2019_GitHub,
  author  = {Kevin Weiss},
  url     = {https://github.com/kevin-weiss/i-doit-bot},
  date    = {2019-07-05},
  title   = {i-doit-bot},
  urldate = {2019-07-05},
}

@article{Groetz_2018_Sprich_mit_mir,
  author       = {Grötz, Rudolf},
  location     = {Hannover},
  publisher    = {Heise Medien},
  date         = {2018},
  journaltitle = {iX},
  pages        = {50--57},
  title        = {Sprich mit mir! - Chatbots entwickeln},
  volume       = {6},
}

@incollection{de_Vries_2006,
  author    = {de Vries, Holger and Möbus, Claus},
  publisher = {Springer Verlag},
  location  = {Berlin, Heidelberg},
  booktitle = {Web-Kommunikation mit OpenSource : Chatbots, virtuelle Messen, Rich-Media-Content},
  date      = {2006},
  doi       = {10.1007/3-540-29093-1_7},
  pages     = {69--77},
  title     = {Avatare im E-Learning und E-Business},
}

@incollection{Feindt_2006_Agenten,
  author    = {Feindt, Jan},
  publisher = {Springer Verlag},
  location  = {Berlin, Heidelberg},
  booktitle = {Web-Kommunikation mit OpenSource : Chatbots, virtuelle Messen, Rich-Media-Content},
  date      = {2006},
  doi       = {10.1007/3-540-29093-1_8},
  pages     = {79--85},
  title     = {Gesprächskompetenz digitaler Agenten},
}

@incollection{Feindt_2006_Gespraechskompetenz,
  author    = {Feindt, Jan and Jan{ß}en, Claudia and Sölbrandt, Stefan},
  publisher = {Springer Verlag},
  location  = {Berlin, Heidelberg},
  booktitle = {Web-Kommunikation mit OpenSource : Chatbots, virtuelle Messen, Rich-Media-Content},
  date      = {2006},
  doi       = {10.1007/3-540-29093-1_13},
  pages     = {147--212},
  title     = {Gesprächskompetenz im I-can-{EIB}-System},
}

@online{Kuhn_2015_Sprachassistenten,
  author    = {Kuhn, Thomas},
  publisher = {Wirtschaftswoche},
  url       = {https://www.wiwo.de/technologie/digitale-welt/cortana-siri-google-now-sprachassistenten-veraendern-unser-leben/12093146.html},
  date      = {2015-07-28},
  title     = {Sprachassistenten verändern unser Leben},
  urldate   = {2019-05-04},
}

@article{Heckmann_2018_You_Robot,
  author       = {Heckmann, Jörn and Kraus, Michael},
  location     = {Hannover},
  publisher    = {Heise Medien},
  date         = {2018},
  journaltitle = {iX},
  pages        = {70--72},
  title        = {You, Robot - Rechtliche Risiken beim Einsatz von Chatbots},
  volume       = {6},
}

@article{Puscher_2018_Gut_zugehoert,
  author       = {Puscher, Frank},
  location     = {Hannover},
  publisher    = {Heise Medien},
  date         = {2018},
  journaltitle = {iX},
  pages        = {64--69},
  title        = {Gut zugehört - Wie Sprache das Dialog-Interface verändert},
  volume       = {6},
}

@article{Puscher_2018_Holpriger_Start,
  author       = {Puscher, Frank},
  location     = {Hannover},
  publisher    = {Heise Medien},
  date         = {2018},
  journaltitle = {iX},
  pages        = {58--62},
  title        = {Holpriger Start - Chatbots für Unternehmen},
  volume       = {6},
}

@online{Koeltzsch_2019_Slack,
  author  = {Költzsch, Tobias},
  url     = {https://www.golem.de/news/slack-vom-gescheiterten-mmo-zum-7-1-milliarden-dollar-unternehmen-1901-138803.html},
  date    = {2019-01-21},
  title   = {SLACK:Vom gescheiterten MMO zum 7,1-Milliarden-Dollar-Unternehmen},
  urldate = {2019-05-04},
}

@online{Donath_2018_Hipchat_Uebernahme,
  author  = {Donath, Andreas},
  url     = {https://www.golem.de/news/chatdienste-slack-uebernimmt-hipchat-und-schliesst-es-im-februar-2019-1807-135715.html},
  date    = {2018-07-27},
  title   = {Slack übernimmt Hipchat und schließt es im Februar 2019},
  urldate = {2019-05-05},
}

@online{Sigler_2014_Chatops,
  author  = {Sigler, Eric},
  url     = {https://www.pagerduty.com/blog/what-is-chatops/},
  date    = {2014-12-02},
  title   = {What is Chatops},
  urldate = {2019-03-25},
}

@online{Tomlinson_2013_Chatops,
  author  = {Tomlinson, Ryan},
  url     = {http://tech.toptable.co.uk/blog/2013/11/22/beginning-a-journey-to-chatops-with-hubot},
  date    = {2013-11-22},
  title   = {What is Chatops},
  urldate = {2018-11-24},
}

@online{Statista_2019_Einsatz_Chatbots,
  author  = {idealo},
  url     = {https://de.statista.com/statistik/daten/studie/801506/umfrage/sinnvolle-einsatzgebiete-von-chatbots-in-deutschland},
  date    = {2019},
  title   = {Wann finden Sie den Einsatz von Chatbots sinnvoll und wann nicht?},
  urldate = {2019-04-15},
}

@online{Statista_2019_Bewertung_Chatbots,
  author  = {LivePerson},
  url     = {https://de.statista.com/statistik/daten/studie/797076/umfrage/wahrnehmung-des-chatbot-einsatzes-zur-kommuniktion-mit-unternehmen-in-deutschland},
  date    = {2019},
  title   = {Wie stehen sie generell der Nutzung von Chatbots zur Kommunikation mit Unternehmen gegenüber?},
  urldate = {2019-04-15},
}

@article{Weizenbaum_1966,
  author       = {Weizenbaum, Joseph},
  publisher    = {Association for Computing Machinery ({ACM})},
  date         = {1966-01},
  doi          = {10.1145/365153.365168},
  journaltitle = {Communications of the {ACM}},
  number       = {1},
  pages        = {36--45},
  title        = {{ELIZA}---a computer program for the study of natural language communication between man and machine},
  volume       = {9},
}

@online{Zyane_2017_ChatOps,
  author  = {Zyane, Rania},
  url     = {https://chatbotsmagazine.com/how-chatops-can-help-you-devops-better-5-minutes-read-507438c156bf},
  date    = {2017-05-18},
  title   = {How ChatOps Can Help You DevOps Better},
  urldate = {2019-05-01},
}

@online{errbot_2018_config-template,
  author  = {errbotio},
  url     = {https://github.com/errbotio/errbot/blob/master/errbot/config-template.py},
  date    = {2018-04-04},
  title   = {config-template},
  urldate = {2019-06-12},
}

@online{errbot_2018_setup,
  author  = {errbotio},
  url     = {http://errbot.io/en/latest/user_guide/setup.html},
  date    = {2018-02-26},
  title   = {Setup},
  urldate = {2019-06-13},
}

@online{errbot_2018_mentions,
  author  = {errbotio},
  url     = {http://errbot.io/en/latest/user_guide/plugin_development/mentions.html},
  date    = {2018-02-26},
  title   = {Mentions},
  urldate = {2019-06-23},
}

@online{errbot_2018_general,
  author  = {errbotio},
  url     = {http://errbot.io/en/latest/},
  date    = {2018-02-26},
  title   = {Errbot},
  urldate = {2019-06-23},
}

@online{errbot_2018_plugin,
  author  = {errbotio},
  url     = {http://errbot.io/en/latest/user_guide/plugin_development/basics.html},
  date    = {2018-02-26},
  title   = {Plugin development},
  urldate = {2019-06-23},
}

@online{errbot_2018_persistence,
  author  = {errbotio},
  url     = {http://errbot.io/en/latest/user_guide/plugin_development/persistence.html},
  date    = {2018-02-26},
  title   = {Persistence},
  urldate = {2019-06-23},
}

@online{errbot_2018_webex,
  author  = {Mark Sullivan},
  url     = {https://github.com/marksull/err-backend-cisco-webex-teams},
  date    = {2018-02-26},
  title   = {err-backend-cisco-webex-teams},
  urldate = {2019-06-23},
}

@online{Slack_2019_Bots,
  author  = {{Slack}},
  url     = {https://get.slack.help/hc/de/articles/115005265703-Bots-für-deinen-Workspace-erstellen},
  date    = {2019},
  title   = {Bots für deinen Workspace erstellen},
  urldate = {2019-06-17},
}


@inproceedings{Mulyana_2018_Classroom,
  author    = {Mulyana, Eueung and Hakimi, Rifqy and Hendrawan},
  publisher = {IEEE},
  url       = {https://doi.org/10.1109%2Ficwt.2018.8527810},
  booktitle = {2018 4th International Conference on Wireless and Telematics ({ICWT})},
  date      = {2018-07},
  doi       = {10.1109/icwt.2018.8527810},
  title     = {Bringing Automation to the Classroom: A {ChatOps}-Based Approach},
}

@inproceedings{Toxtli_2018_Task,
  author    = {Toxtli, Carlos and Monroy-Hern{´}andez, Andres and Cranshaw, Justin},
  publisher = {{ACM} Press},
  url       = {https://doi.org/10.1145%2F3173574.3173632},
  booktitle = {Proceedings of the 2018 {CHI} Conference on Human Factors in Computing Systems - {CHI} {'}18},
  date      = {2018},
  doi       = {10.1145/3173574.3173632},
  title     = {Understanding Chatbot-mediated Task Management},
}

@inproceedings{Cui_2017_SuperAgent,
  author    = {Cui, Lei and Huang, Shaohan and Wei, Furu and Tan, Chuanqi and Duan, Chaoqun and Zhou, Ming},
  publisher = {Association for Computational Linguistics},
  url       = {https://doi.org/10.18653%2Fv1%2Fp17-4017},
  booktitle = {Proceedings of {ACL} 2017, System Demonstrations},
  date      = {2017},
  doi       = {10.18653/v1/p17-4017},
  title     = {{SuperAgent}: A Customer Service Chatbot for E-commerce Websites},
}

@book{Stary_1996_Ergonomie,
   title =     {Interaktive Systeme: Software-Entwicklung und Software-Ergonomie},
   author =    {Christian Stary},
   publisher = {Vieweg+Teubner Verlag},
   location = {Wiesbaden},
   doi = {10.1007/978-3-322-83202-3},
   isbn =      {978-3-322-83203-0},
   year =      {1996},
   edition =   {2},
}

@online{pep257,
  author  = {David Goodger},
  url     = {https://www.python.org/dev/peps/pep-0257/},
  date    = {2001-05-29},
  title   = {PEP 257 -- Docstring Conventions},
  urldate = {2019-06-19},
}

@book{Hand_2016_ChatOps,
  author    = {Jason Hand},
  publisher = {O’Reilly Media, Inc},
  editor = {Brian Anderson and Virginia Wilson},
  date      = {2016},
  edition   = {1},
  isbn      = {978-1-491-96230-5},
  series    = {Xpert.press},
  title     = {ChatOps - Managing Operations from Group Chat},
}
