@book{Blokdijk_2008_CMDB,
  author = {Gerard Blokdijk, Ivanka Menken},
  date   = {2008},
  isbn   = {1921523778,9781921523779},
  title  = {Configuration Management Best Practice Handbook: Building, Running and Managing a Configuration Management Data Base, CMDB - Ready to use supporting documents bringing ITIL Theory into Practice},
}

@incollection{Drogseth_2015_CMDB,
  author    = {Drogseth, Dennis Nils and Sturm, Rick and Twing, Dan},
  publisher = {Elsevier Verlag},
  location = {Amsterdam},
  booktitle = {{CMDB} Systems},
  date      = {2015},
  doi       = {10.1016/b978-0-12-801265-9.00003-2},
  pages     = {27--51},
  title     = {{CMDB} System Foundations},
}

@incollection{Knittl_2010_CMDB,
  author    = {Knittl, Silvia},
  publisher = {Springer Berlin Heidelberg},
  booktitle = {Informationsmanagement in Hochschulen},
  date      = {2010},
  doi       = {10.1007/978-3-642-04720-6_9},
  pages     = {97--106},
  title     = {Unterstützung der {IT}-Service-Management-Prozesse an der Technischen Universität München durch eine Configuration-Management-Database},
}

@incollection{Sturm_2017_CMDB,
  author    = {Sturm, Rick and Pollard, Carol and Craig, Julie},
  publisher = {Elsevier Verlag},
  location = {Amsterdam},
  booktitle = {Application Performance Management ({APM}) in the Digital Enterprise},
  date      = {2017},
  doi       = {10.1016/b978-0-12-804018-8.15002-8},
  pages     = {253--266},
  title     = {The Configuration Management Database and Configuration Management System},
}

@online{idoit_2019_idoitip,
  author = {{synetics}},
  publisher = {synetics},
  url       = {https://www.i-doit.com/wp-content/uploads/2019/01/i-doit-screenshot-ipam.png},
  date      = {2019-01},
  title     = {i-doit-screenshot-ipam},
  urldate   = {2019-04-30},
}

@online{idoit_2019_logbuch,
  author = {{synetics}},
  publisher = {synetics},
  url       = {https://kb.i-doit.com/display/de/Logbuch},
  date      = {2019},
  title     = {Logbuch},
  urldate   = {2019-06-10},
}

@online{idoit_2019_console,
  author = {{synetics}},
  publisher = {synetics},
  url       = {https://kb.i-doit.com/display/de/Console},
  date      = {2019},
  title     = {Console},
  urldate   = {2019-06-25},
}

@online{idoit_2019_report,
  author = {{synetics}},
  publisher = {synetics},
  url       = {https://kb.i-doit.com/display/de/Report+Manager},
  date      = {2019},
  title     = {Report Manager},
  urldate   = {2019-06-23},
}

@online{itnovum_2013_cmdb,
  author    = {{it-novum}},
  publisher = {it-novum},
  url       = {https://it-novum.com/blog/warum-cmdb-ein-leitfaden-zur-einfuhrung-einer-configuration-management-database},
  date      = {2013-11-07},
  title     = {Warum CMDB? Ein Leitfaden zur Einführung einer Configuration Management Database},
  urldate   = {2019-04-30},
}

@online{Geissler_2018_CMDB,
  author  = {Geißler, Otto and Ostler, Ulrike},
  url     = {https://www.datacenter-insider.de/was-ist-eine-configuration-management-database-cmdb-a-743418/},
  date    = {2018-08-27},
  title   = {Was ist eine Configuration Management Database (CMDB)?},
  urldate = {2019-04-30},
}

@book{Olbrich_2008_ITIL,
  author    = {Olbrich, Alfred},
  publisher = {Vieweg + Teubner Verlag},
  location = {Wiesbaden},
  date      = {2008},
  edition   = {4. erw. und verb. Aufl},
  isbn      = {9783834804921},
  title     = {ITIL kompakt und verständlich : effizientes IT Service Management ; den Standard für IT-Prozesse kennenlernen, verstehen und erfolgreich in der Praxis umsetzen},
}

@online{Heisig_2019_idoitcli,
  author    = {Heisig, Benjamin},
  publisher = {synetics},
  url       = {https://github.com/bheisig/i-doit-cli},
  date      = {2019-03-29},
  title     = {i-doit-cli},
  urldate   = {2019-04-30},
}

@online{Heisig_2019_bheisig,
  author  = {Heisig, Benjamin},
  url     = {https://benjamin.heisig.name},
  date    = {2019},
  title   = {Benjamin Heisig},
  urldate = {2019-04-30},
}

@online{Kirsten_2017,
  author  = {Daniel Kirsten},
  url     = {https://www.computerwoche.de/ap/daniel-kirsten,2078},
  date    = {2017},
  title   = {Daniel Kirsten},
  urldate = {2019-06-01},
}

@online{Buck_2018_Allgemein,
  author  = {Konrad Buck},
  url     = {https://www.kbquadrat.com/ueber_konrad_buck},
  date    = {2018},
  title   = {Über Konrad Buck},
  urldate = {2019-06-01},
}

@online{Buck_2018_Referenzen,
  author  = {Konrad Buck},
  url     = {https://www.kbquadrat.com/referenzen-warum-sie-bei-konrad-buck-richtig-sind},
  date    = {2018},
  title   = {Referenzen von Konrad Buck},
  urldate = {2019-06-01},
}
