@book{Bogner_2002_Interview,
  author    = {Bogner, Alexander and Menz, Wolfgang and Littig, Beate},
  publisher = {VS Verlag für Sozialwissenschaften},
  location = {Wiesbaden},
  date      = {2002},
  isbn      = {978-3-8100-3200-3},
  title     = {Das Experteninterview: Theorie, Methode, Anwendung},
}

@book{Bogner_2014_Interview,
  author    = {Bogner, Alexander and Littig, Beate and Menz, Wolfgang},
  publisher = {Springer Fachmedien},
  location  = {Wiesbaden},
  date      = {2014},
  doi       = {10.1007/978-3-658-08349-6},
  title     = {Interviews mit Experten},
}

@book{Burger_2011_Interview,
  author    = {Burger, Doris},
  publisher = {Vs Verlag},
  date      = {2011},
  isbn      = {9783531174174},
  series    = {VS RESEARCH},
  title     = {Computergestützter organisationaler Wissenstransfer und Wissensgenerierung: Ein Experteninterview basierter Forschungsansatz},
}

@article{Coser_1992,
  author       = {Coser, Rose Laub and Giddens, Anthony},
  publisher    = {Oxford University Press ({OUP})},
  date         = {1992-09},
  doi          = {10.2307/2579977},
  journaltitle = {Social Forces},
  number       = {1},
  pages        = {229},
  title        = {Modernity and Self-Identity: Self and Society in the Late Modern Age.},
  volume       = {71},
}

@book{Dresing_2013_Transkription,
  author    = {Dresing, Thorsten and Pehl, Thorsten},
  publisher = {dr dresing & pehl GmbH},
  date      = {2013},
  title     = {Praxisbuch Interview, Transkription \&amp; amp; Analyse.},
  volume    = {5},
}

@book{Glaeser_2010_Inhaltsanalyse,
  author    = {Gläser, Jochen and Laudel, Grit},
  location = {Wiesbaden},
  publisher = {{VS} Verlag für Sozialwissenschaften},
  date      = {2010},
  doi       = {10.1007/978-3-531-91538-8},
  title     = {Experteninterviews und qualitative Inhaltsanalyse},
}

@incollection{Hitzler_1994,
  author    = {Hitzler, Ronald},
  editor    = {Hitzler, Ronald and Honer, Anne and Maeder, Christoph},
  location = {Opladen},
  publisher = {Westdt. Verl.},
  date      = {1994},
  isbn      = {3-531-12581-8},
  pages     = {13--30},
  title     = {Wissen und Wesen des Experten: ein Annäherungsversuch - zur Einleitung},
  booktitle = {Expertenwissen: die institutionalisierte Kompetenz zur Konstruktion von Wirklichkeit},
}

@book{Kaiser_2014,
  author    = {Kaiser, Robert},
  publisher = {Springer Fachmedien Wiesbaden},
  date      = {2014},
  doi       = {10.1007/978-3-658-02479-6},
  title     = {Qualitative Experteninterviews},
}

@inproceedings{Littig_2008,
  author    = {Littig, Beate},
  booktitle = {Forum Qualitative Sozialforschung},
  date      = {2008},
  issn = {1438-5627},
  number    = {3},
  pages     = {37},
  title     = {Interviews mit Eliten--Interviews mit ExpertInnen: Gibt es Unterschiede},
  volume    = {9},
}

@incollection{Matthes_1986,
  author    = {Matthes-Nagel, Ulrike},
  editor    = {Ebert, Gerhard and Hester, Willi and Richter, Klaus},
  location  = {Bonn},
  publisher = {Pädagogische Arbeitsstelle Deutscher Volkshochschul-Verband},
  booktitle = {Subjektorientiertes Lernen und Arbeiten - Ausdeutung einer Gruppeninteraktion},
  date      = {1986},
  pages     = {29--55},
  title     = {Modelle und Methoden rekonstruktiver Theoriebildung},
}

@incollection{Mayring_2009_qualitative_Inhaltsanalyse,
  author    = {Mayring, Philipp and Brunner, Eva},
  publisher = {Gabler},
  booktitle = {Qualitative Marktforschung},
  date      = {2009},
  doi       = {10.1007/978-3-8349-9441-7_42},
  pages     = {669--680},
  title     = {Qualitative Inhaltsanalyse},
}

@book{Mayring_2015_qualitative_Inhaltsanalyse,
  author    = {Mayring, Philipp},
  publisher = {Beltz Verlagsgruppe},
  date      = {2015},
  edition   = {12},
  location = {Weinheim, Basel},
  isbn      = {978-3-407-25730-7},
  title     = {Qualitative Inhaltsanalyse – Grundlagen und Techniken},
}

@incollection{Meuser_1991_Interview,
  author    = {Meuser, Michael and Nagel, Ulrike},
  publisher = {{VS} Verlag für Sozialwissenschaften},
  location = {Wiesbaden},
  booktitle = {Qualitativ-empirische Sozialforschung},
  date      = {1991},
  doi       = {10.1007/978-3-322-97024-4_14},
  pages     = {441--471},
  title     = {Expertlnneninterviews -- vielfach erprobt, wenig bedacht},
}

@incollection{Meuser_1994_Interview,
  author    = {Meuser, Michael and Nagel, Ulrike},
  publisher = {Vieweg + Teubner Verlag},
  location = {Wiesbaden},
  booktitle = {Expertenwissen},
  date      = {1994},
  doi       = {10.1007/978-3-322-90633-5_12},
  pages     = {180--192},
  title     = {Expertenwissen und Experteninterview},
}

@incollection{Meuser_2010_Interview,
  author    = {Meuser, Michael and Nagel, Ulrike},
  publisher = {{VS} Verlag für Sozialwissenschaften},
  location = {Wiesbaden},
  booktitle = {Handbuch Frauen- und Geschlechterforschung},
  date      = {2010},
  doi       = {10.1007/978-3-531-92041-2_44},
  pages     = {376--379},
  title     = {{ExpertInneninterview}},
}

@article{Nowotny_2001,
  author       = {Nowotny, Helga and Scott, Peter B. and Gibbons, Michael T.},
  publisher    = {American Library Association},
  date         = {2001-10},
  doi          = {10.5860/choice.39-0899},
  journaltitle = {Choice Reviews Online},
  number       = {02},
  pages        = {39--0899--39--0899},
  title        = {Re-thinking science: knowledge and the public in an age of uncertainty},
  volume       = {39},
}

@incollection{Schuetz_1972,
  author    = {Schütz, Alfred},
  publisher = {Springer Netherlands},
  booktitle = {Gesammelte Aufsätze},
  date      = {1972},
  doi       = {10.1007/978-94-010-2849-3_5},
  pages     = {85--101},
  title     = {Der Gut Informierte Bürger},
}

