@online{ARD_2018_IVZ,
  abstract     = {Migrated Content},
  author       = {ARD.de},
  url          = {http://www.ard.de/home/die-ard/fakten/abc-der-ard/555192/index.html},
  date         = {2018},
  title        = {Informations-{Verarbeitungs}-{Zentrum} ({IVZ})},
  urldate      = {2019-03-26},
}

@book{Hemm_2019,
  author    = {Alexander Hemmerich},
  location  = {Köln},
  date      = {2019},
  title     = {Experteninterview Hemmerich},
}

@book{Midd_2019,
  author    = {Jörg Middendorf},
  location  = {Köln},
  date      = {2019},
  title     = {Experteninterview Middendorf},
}

@book{Kirsten_2019,
  author    = {Daniel Kirsten},
  location  = {Köln, Düsseldorf},
  date      = {2019},
  title     = {Experteninterview Kirsten},
}

@book{Buck_2019,
  author    = {Konrad Buck},
  location  = {Köln, Düsseldorf},
  date      = {2019},
  title     = {Experteninterview Buck},
}

@online{WDR_Maus,
  author       = {{Westdeutscher Rundfunk Köln}},
  url          = {https://www.wdrmaus.de/sendetermine.php5},
  date         = {2019},
  title        = {Sendetermine - Die Seite mit der Maus - WDR},
  urldate      = {2019-06-23},
}

@book{Zigon_Performance,
   title =     {How to Measure Employee Performance (The performance management series)},
   author =    {Jack Zigon},
   isbn =      {1892809141,9781892809148},
   year =      {2002},
}

@online{Python_venv,
  author       = {{Python Software Foundation}},
  url          = {https://docs.python.org/3/tutorial/venv.html},
  date         = {2019-06-20},
  title        = {Virtual Environments and Packages},
  urldate      = {2019-06-20},
}

@online{Luber_2017_API,
  author       = {Stefan Luber},
  url          = {https://www.dev-insider.de/was-ist-eine-api-a-583923/},
  date         = {2017-03-08},
  title        = {Was ist eine API?},
  urldate      = {2019-06-25},
}

@book{Norton_2005_Python,
   title =     {Beginning Python},
   author =    {Peter C. Norton and Alex Samuel and Dave Aitel and Eric Foster-Johnson and Leonard Richardson and Jason Diamond and Aleatha Parker and Michael Roberts},
   publisher = {Wiley Pub},
   isbn =      {9780764596544,0764596543},
   year =      {2005},
   series =    {Programmer to Programmer},
}

@book{Gowrishankar_2019_Python,
   title =     {Introduction to Python Programming},
   author =    {Gowrishankar, S. and Veena, A.},
   publisher = {CRC},
   isbn =      {9780815394372},
   year =      {2019},
}

@book{Sumit_2019_Python_Chatbots,
   title =     {Building Chatbots with Python: Using Natural Language Processing and Machine Learning},
   author =    {Raj Sumit},
   publisher = {Apress},
   isbn =      {1484240952, 978-1484240953},
   year =      {2019},
}

@book{Rudkowski_2015_Arbeitnehmer,
   title =     {Aufklärung von Compliance-Verstößen: Whistleblowing, Arbeitnehmerüberwachung, Auskunftspflichten},
   author =    {Lena Rudkowski and Alexander Schreiber},
   publisher = {Gabler Verlag},
   isbn =      {978-3-658-07044-1,978-3-658-07045-8},
   year =      {2015},
}
