@book{Grande_2014_Anforderungsmanagement,
  author    = {Grande, Marcus},
  publisher = {Springer Fachmedien Wiesbaden},
  date      = {2014},
  doi       = {10.1007/978-3-658-06435-8},
  edition   = {2},
  title     = {100 Minuten für Anforderungsmanagement},
}

@book{Herrmann_2013_Requirements,
  author    = {Valentini, Uwe and Wei{ß}bach, Rüdiger and Fahney, Ralf and Gartung, Thomas and Glunde, Jörg and Herrmann, Andrea and Hoffmann, Anne and Knauss, Eric},
  editor    = {Herrmann, Andrea and Knauss, Eric and Wei{ß}bach, Rüdiger},
  publisher = {Springer Berlin Heidelberg},
  date      = {2013},
  doi       = {10.1007/978-3-642-29432-7},
  title     = {Requirements Engineering und Projektmanagement},
}

@book{Niebisch_2013,
  author    = {Niebisch, Thomas},
  publisher = {Springer Berlin Heidelberg},
  date      = {2013},
  doi       = {10.1007/978-3-642-34857-0},
  title     = {Anforderungsmanagement in sieben Tagen},
}

@incollection{Noack_2001_Anforderungspriorisierung,
  author    = {Noack, Jörg},
  publisher = {Springer Berlin Heidelberg},
  booktitle = {Techniken der objektorientierten Softwareentwicklung},
  date      = {2001},
  doi       = {10.1007/978-3-642-59481-6_4},
  pages     = {22--78},
  title     = {Anforderungsanalyse},
}

@book{Pohl_2015_Requirements,
  author    = {Pohl, Klaus and Rupp, Chris},
  publisher = {dpunkt Verlag},
  location = {Heidelberg},
  date      = {2015},
  edition   = {4},
  isbn      = {9783864902833},
  title     = {Basiswissen Requirements Engineering},
}

@article{Rupp_2009,
  author       = {Rupp, Chris and Simon, Matthias and Hocker, Florian},
  publisher    = {Springer Fachmedien Wiesbaden {GmbH}},
  date         = {2009-06},
  doi          = {10.1007/bf03340367},
  journaltitle = {{HMD} Praxis der Wirtschaftsinformatik},
  number       = {3},
  pages        = {94--103},
  title        = {Requirements Engineering und Management},
  volume       = {46},
}

@misc{Rupp_2014_Requirements,
  author    = {Rupp, Chris and die SOPHISTen},
  publisher = {Carl Hanser Verlag {GmbH} {\&} Co. {KG}},
  date      = {2014-10},
  doi       = {10.3139/9783446443136.fm},
  pages     = {I--6},
  title     = {Requirements-Engineering und -Management},
}

